@online{cvg,
 	title = {Logistic regression model does not converge},
	url = {http://stats.stackexchange.com/questions/5354/logistic-regression-model-does-not-converge},
	year = 2010,
	urldate = {2016-04-19}
}
